<record><leader>00000cas a22000007a 4500</leader><controlfield tag="001">33200120</controlfield><controlfield tag="008">950926d188u188utxuwr ne      0    0eng d</controlfield><datafield ind1=" " ind2=" " tag="010"><subfield code="a">sn 95078921 </subfield></datafield><datafield ind1=" " ind2=" " tag="040"><subfield code="a">PPM</subfield><subfield code="b">eng</subfield><subfield code="c">PPM</subfield><subfield code="d">OCLCQ</subfield></datafield><datafield ind1=" " ind2=" " tag="042"><subfield code="a">msc</subfield></datafield><datafield ind1="0" ind2="4" tag="245"><subfield code="a">The Panhandle.</subfield></datafield><datafield ind1="1" ind2="3" tag="246"><subfield code="a">Texas Panhandle</subfield></datafield><datafield ind1=" " ind2=" " tag="260"><subfield code="a">Mobeetie, Wheeler Co., Tex. :</subfield><subfield code="b">A.S. Mercer</subfield></datafield><datafield ind1=" " ind2=" " tag="300"><subfield code="a">v.</subfield></datafield><datafield ind1=" " ind2=" " tag="310"><subfield code="a">Weekly</subfield></datafield><datafield ind1=" " ind2=" " tag="588"><subfield code="a">Description based on : vol. 2, no. 41 (July 6, 1883).</subfield></datafield><datafield ind1=" " ind2=" " tag="752"><subfield code="a">United States</subfield><subfield code="b">Texas</subfield><subfield code="c">Wheeler</subfield><subfield code="d">Mobeetie.</subfield></datafield><datafield ind1="0" ind2="0" tag="785"><subfield code="t">Texas Panhandle (Mobeetie, Tex. : 188u)</subfield><subfield code="w">(DLC)sn 86088960</subfield></datafield></record>